%% This BibTeX bibliography file was created using BibDesk.
%% http://bibdesk.sourceforge.net/


%% Created for Patrick Schultz at 2014-01-07 11:04:26 -0800 


%% Saved with string encoding Unicode (UTF-8) 



@incollection{beck:dl,
	Address = {Berlin},
	Author = {Beck, Jon},
	Booktitle = {Sem. on Triples and Categorical Homology Theory (ETH, Z\"urich, 1966/67)},
	Mrclass = {18.20},
	Mrnumber = {MR0241502 (39 \#2842)},
	Mrreviewer = {J. R. Isbell},
	Pages = {119--140},
	Publisher = {Springer},
	Title = {Distributive laws},
	Year = {1969}}

@article{dpp:spans,
	Author = {Dawson, R. and Pare, R. and Pronk, D. A.},
	Fjournal = {Theory and Applications of Categories},
	Issn = {1201-561X},
	Journal = {Theory Appl. Categ.},
	Pages = {302--377 (electronic)},
	Title = {The Span construction},
	Volume = 24,
	Year = 2010}

@unpublished{garner:nwfs,
	Annote = {Superseded by 0712.0724.},
	Author = {Richard Garner},
	Note = {arXiv:math/0702290v1},
	Title = {Cofibrantly generated natural weak factorisation systems},
	Year = {2007}}

@article{garner:soa,
	Author = {Garner, Richard},
	Coden = {ACASE6},
	Fjournal = {Applied Categorical Structures. A Journal Devoted to Applications of Categorical Methods in Algebra, Analysis, Order, Topology and Computer Science},
	Issn = {0927-2852},
	Journal = {Appl. Categ. Structures},
	Mrclass = {18C10 (55U35)},
	Mrnumber = {MR2506256},
	Note = {arXiv:0712.0724},
	Number = {3},
	Pages = {247--285},
	Title = {Understanding the small object argument},
	Volume = {17},
	Year = {2009}}

@article{gt:nwfs,
	Author = {Grandis, Marco and Tholen, Walter},
	Fjournal = {Universitatis Masarykianae Brunensis. Facultas Scientiarum Naturalium. Archivum Mathematicum},
	Issn = {0044-8753},
	Journal = {Arch. Math. (Brno)},
	Mrclass = {18C15},
	Mrnumber = {MR2283020 (2008b:18006)},
	Mrreviewer = {Thomas Tradler},
	Number = {4},
	Pages = {397--408},
	Title = {Natural weak factorization systems},
	Volume = {42},
	Year = {2006}}

@book{hovey:modelcats,
	Author = {Mark Hovey},
	Publisher = {American Mathematical Society},
	Series = {Mathematical Surveys and Monographs},
	Title = {Model Categories},
	Volume = {63},
	Year = {1999}}

@incollection{kelly:doc-adjn,
	Address = {Berlin},
	Author = {Kelly, G. M.},
	Booktitle = {Category Seminar (Proc. Sem., Sydney, 1972/1973)},
	Mrclass = {18D99},
	Mrnumber = {MR0360749 (50 \#13196)},
	Mrreviewer = {A. Shafaat},
	Pages = {257--280. Lecture Notes in Math., Vol. 420},
	Publisher = {Springer},
	Title = {Doctrinal adjunction},
	Year = {1974}}

@article{riehl:nwfs-model,
	Author = {Emily Riehl},
	Comments = {55 pages},
	Eprint = {arXiv:0910.2733},
	Journal = {New York Journal of Mathematics},
	Oai2Identifier = {0910.2733},
	Pages = {173--231},
	Title = {Algebraic model structures},
	Volume = {17},
	Year = {2011}}

% Optional fields: volume, number, pages, month, note
@ARTICLE{riehl:nwfs-monoidal,
	author = {Emily Riehl},
	title = {Monoidal algebraic model structures},
	journal = {Journal of Pure and Applied Algebra},
	year = {2013},
	volume = {217},
	pages = {1069--1104}
}

@article{cgr:mates,
	Author = {E. Cheng N. Gurski and E. Riehl},
	Eprint = {arXiv:1208.4520v2},
	Journal = {New York Journal of Mathematics},
	Oai2Identifier = {1208.4520},
	Title = {Multivariable Adjunctions and Mates},
	Year = {2012}}

@article{rt:lax-factalg,
	Author = {Ji\v{r}\'{i} Rosick\'{y} and Walter Tholen},
	Journal = {Journal of Pure and Applied Algebra},
	Number = {1--3},
	Pages = {355--382},
	Title = {Lax factorization algebras},
	Volume = {175},
	Year = {2002}}

@article{street:ftm,
	Author = {Street, Ross},
	Fjournal = {Journal of Pure and Applied Algebra},
	Issn = {0022-4049},
	Journal = {J. Pure Appl. Algebra},
	Mrclass = {18C15},
	Mrnumber = {MR0299653 (45 \#8701)},
	Mrreviewer = {F. E. J. Linton},
	Number = {2},
	Pages = {149--168},
	Title = {The formal theory of monads},
	Volume = {2},
	Year = {1972}}

@book{mp:more-concise,
	Author = {J. P. May and K. Ponto},
	Publisher = {University of Chicago Press},
	Series = {Chicago lectures in mathematics},
	Title = {More concise algebraic topology},
	Year = 2012}

@article{br:ffact,
	Author = {Tobias Barthel and Emily Riehl},
	Eprint = {arXiv:1204.5427},
	Journal = {Algebraic and Geometric Topology},
	Pages = {1089--1124},
	Title = {On the construction of functorial factorizations for model categories},
	Volume = 13,
	Year = 2013}
